<record><leader>00000cas a2200000Ia 4500</leader><controlfield tag="001">13188607</controlfield><controlfield tag="008">860224d18751883wiuwr ne      0    0eng d</controlfield><datafield ind1=" " ind2=" " tag="010"><subfield code="a">sn 86086107 </subfield></datafield><datafield ind1=" " ind2=" " tag="040"><subfield code="a">NPV</subfield><subfield code="b">eng</subfield><subfield code="c">NPV</subfield><subfield code="d">NVF</subfield><subfield code="d">OCLCQ</subfield><subfield code="d">OCLCF</subfield><subfield code="d">OCLCO</subfield></datafield><datafield ind1=" " ind2=" " tag="043"><subfield code="a">n-us-wi</subfield></datafield><datafield ind1="0" ind2=" " tag="130"><subfield code="a">Evansville weekly review (Evansville, Wis. : 1875)</subfield></datafield><datafield ind1="1" ind2="4" tag="245"><subfield code="a">The Evansville weekly review.</subfield></datafield><datafield ind1="1" ind2="3" tag="246"><subfield code="a">Citizen-review</subfield><subfield code="f">1875-1879</subfield></datafield><datafield ind1="1" ind2="3" tag="246"><subfield code="a">Evansville review</subfield></datafield><datafield ind1=" " ind2=" " tag="260"><subfield code="a">Evansville, Wis. :</subfield><subfield code="b">I.A. Hoxie,</subfield><subfield code="c">1875-1883.</subfield></datafield><datafield ind1=" " ind2=" " tag="300"><subfield code="a">v. :</subfield><subfield code="b">ill. (chiefly advertisements)</subfield></datafield><datafield ind1=" " ind2=" " tag="310"><subfield code="a">Weekly</subfield></datafield><datafield ind1="0" ind2=" " tag="362"><subfield code="a">Vol. 10, no. 23 (Oct. 6, 1875)-v. 17, no. 42 (Feb. 10, 1883).</subfield></datafield><datafield ind1=" " ind2=" " tag="525"><subfield code="a">Supplements accompany some issues.</subfield></datafield><datafield ind1=" " ind2="0" tag="651"><subfield code="a">Evansville (Wis.)</subfield><subfield code="v">Newspapers.</subfield></datafield><datafield ind1=" " ind2="7" tag="655"><subfield code="a">Newspapers.</subfield><subfield code="2">fast</subfield><subfield code="0">(OCoLC)fst01423814</subfield></datafield><datafield ind1=" " ind2="7" tag="651"><subfield code="a">Wisconsin</subfield><subfield code="z">Evansville.</subfield><subfield code="2">fast</subfield><subfield code="0">(OCoLC)fst01257280</subfield></datafield><datafield ind1=" " ind2=" " tag="752"><subfield code="a">United States</subfield><subfield code="b">Wisconsin</subfield><subfield code="c">Rock</subfield><subfield code="d">Evansville.</subfield></datafield><datafield ind1="0" ind2="0" tag="780"><subfield code="t">Evansville review (Evansville, Wis. : 1870)</subfield><subfield code="w">(DLC)sn 85033035</subfield></datafield><datafield ind1="0" ind2="0" tag="785"><subfield code="t">Evansville review (Evansville, Wis. : 1883)</subfield><subfield code="w">(DLC)sn 86086108</subfield></datafield></record>